@Comment{THE COMMENTS IN BIBTEX ARE IMPLEMENTED THIS WAY!}
@STRING(OE="Ocean Engineering")
@STRING{AA    = "Astron. Astrophys."}
@STRING{ACA   = "Extraits des comptes rendus des s\'eances de l'Acad\'emie des Sciences"}
@STRING{AG    = "Adv. Geophys."}
@STRING{AIAAJ = "AIAA J."}
@STRING{AIAAP = "AIAA Pap."}
@STRING{AMR   = "Appl. Mech. Rev."}
@STRING{ARFM  = "Annu. Rev. Fluid Mech."}
@STRING{ARAA  = "Annu. Rev. Astron. Astrophy."}
@STRING{AMCFD = "Advanced Methods for Computational Fluid Dynamics"}
@STRING{AMC  =  "Applied Mathematics and Computations"}
@STRING{ANM  =  "Applied Numerical Mathematics"}
@STRING{BAPS  = "Bull. Am. Phys. Soc."}
@STRING{CUP   = "Cambridge University Press"}
@STRING{CMAME = "Comput. Methods Appl. Mech. Engrg."}
@STRING{DI    = "Dantec Information"}
@STRING{EF    = "Expts. Fluids"}
@STRING{EJMF  = "Eur. J. Mech. B/Fluids"}
@STRING{IJHFF = "Int. J. Heat and Fluid Flow"}
@STRING{IJHMT = "Int. J. Heat and Mass Transfer"}
@STRING{IJIE  = "Int. J. Impact Engng."}
@STRING{IJNMF = "Int. J. Numer. Methods Fluids"}
@STRING{INPG  = "Institut National Polytechnique Grenoble"}
@STRING{JA   = "J. Aircraft"}
@STRING{JAM   = "J. Applied Mech."}
@STRING{JAMTP = "J. Appl. Mech. Tech. Phys."}
@STRING{JAP   = "J. App. Phys."}
@STRING{JAS   = "J. Atmos. Sci."}
@STRING{JCP   = "J. Comp. Phys."}
@STRING{JCAM   = "J. Computational and Applied Mathematics"}
@STRING{JFE   = "J. Fluids Engine."}
@STRING{JFM   = "J. Fluid Mech."}
@STRING{JHE   = "J. Hydraulic Engineering"}
@STRING{JM    = "Journal de M\'ecanique"}
@STRING{JOT    = "Journal of Turbulence"}
@STRING{JRNBS = "J. Res. Nat. Bur. Standards"}
@STRING{JTAM  = "J. Theo. and Appl. Mech."}
@STRING{JWEIA    = "J. Wind Engng. Indust. Aerodyn."}
@STRING{MC    = "Math. Comp."}
@STRING{ME    = "Meccanica"}
@STRING{MRP   = "Mathematics Reports and Preprints"}
@STRING{MWR   = "Mon. Weather Rev."}
@STRING{NACA  = "NACA"}
@STRING{PFA   = "Phys. Fluids A"}
@STRING{PFL   = "Phys. Fluids Lett."}
@STRING{PFO   = "Phys. Fluids"}
@STRING{PRA   = "Phys. Review A"}
@STRING{PRE   = "Phys. Review E"}
@STRING{PRL   = "Phys. Review Lett."}
@STRING{PTRS  = "Phil. Trans. Roy. Soc."}
@STRING{QJRMS = "Q. J. R. Meteorol. Soc."}
@STRING{RA    = "Rech. Aeros."}
@STRING{RF    = "Rapport Final"}
@STRING{SJAP  = "Sov. J. Appl. Phys."}
@STRING{SSSR  = "Dokl. Akad. Nauk. SSSR"}
@STRING{SV    = "Springer-Verlag"}
@STRING{TAM   = "Theoret. and Applied Mech."}
@STRING{TAJ   = "The Astrophysical Journal"}
@STRING{TCFD  = "Theoret. Comput. Fluid Dynamics"}
@STRING{EJBE  = "Electronic Journal of Boundary Elements"}


@BOOK{bem_2007,
    AUTHOR = {Whye-Teong Ang},
    EDITOR = {Universal Publishers},
    TITLE = {A Beginnerâ€™s Course in Boundary Element Methods},
    PUBLISHER = {Cambridge University Press, New York},
    YEAR = {2007},
    VOLUME = {},
    SERIES = {},
    ADDRESS = {},
    EDITION = {},
    MONTH = {}
}

@ARTICLE{vinayan2007,
   AUTHOR="Vinayan, V. and Kinnas, S. A. ",
   TITLE="A BEM for the Propagation of Nonlinear Planar Free-surface Waves",
   JOURNAL=EJBE,
   VOLUME=5,
   PAGES="17-40",
   YEAR=2007,
}

@PHDTHESIS{yang2004,
   AUTHOR="Jinghai Yang",
   TITLE="Time domain, nonlinear theories on ship motions",
   SCHOOL="University of Hawaii",
   YEAR=2004,
}
